@book{appiah_experiments_2009,
   address     = {Cambridge und London},
   title       = {{Experiments} in {Ethics}},
   publisher   = {Harvard University Press},
   author      = {Appiah, Kwame Anthony},
   year        = {2009},
}

@book{aristoteles_nikomachische_2006,
   address     = {Hamburg},
   title       = {{Nikomachische} {Ethik}},
   publisher   = {Rowohlt},
   author      = {Aristoteles},
   editor      = {Wolf, Ursula},
   year        = {2006},
}

@incollection{bar-hillel_judgments_1993,
   address     = {Cambridge},
   title       = {{Judgments} of {Distributive} {Justice}},
   booktitle   = {{Psychological} {Perspectives} on {Justice}. {Theory} and {Applications}},
   publisher   = {Cambridge University Press},
   author      = {Bar-Hillel, Maya and Yaari, Menahem},
   editor      = {Mellers, Barbara and Baron, Jonathan},
   year        = {1993},
   pages       = {55--84},
}

@report{bauer_monotonie_2018,
   title       = {{Monotonie} und {Monotoniesensitivität} als {Desiderata} für {Maße} der {Bedarfsgerechtigkeit}. {Zu} zwei {Aspekten} der {Grundlegung} empirisch informierter {Maße} der {Bedarfsgerechtigkeit} zwischen normativer {Theorie}, formaler {Modellierung} und empirischer {Sozialforschung}},
   number      = {FOR 2104 Working Paper 2018--01},
   institution = {Helmut-Schmidt-Universität, Universität der Bundeswehr Hamburg},
   author      = {Bauer, Alexander Max},
   year        = {2018},
}

@incollection{bauer_gerechtigkeit_2019,
   address     = {Oldenburg},
   title       = {{Gerechtigkeit} und {Bedürfnis}. {Perspektiven} auf den {Begriff} des ›{Bedürfnisses}‹ vor dem {Hintergrund} der {Bedarfsgerechtigkeit}},
   booktitle   = {{Oldenburger} {Jahrbuch} für {Philosophie} 2017/2018},
   publisher   = {BIS-Verlag},
   author      = {Bauer, Alexander Max},
   editor      = {Bauer, Alexander Max and Baratella, Nils},
   year        = {2019},
   pages       = {285--327},
}

@incollection{bauer_grundlegung_2019,
   address     = {Berlin und Boston},
   title       = {{Zur} {Grundlegung} empirisch informierter {Maße} der {Bedarfsgerechtigkeit}. {Zwei} {Desiderata} zwischen normativer {Theorie}, formaler {Modellierung} und empirischer {Sozialforschung}},
   booktitle   = {{Philosophie} zwischen {Sein} und {Sollen}. {Normative} {Theorie} und empirische {Forschung} im {Spannungsfeld}},
   publisher   = {Walter de Gruyter},
   author      = {Bauer, Alexander Max},
   editor      = {Bauer, Alexander Max and Meyerhuber, Malte Ingo},
   year        = {2019},
   pages       = {179--220},
}

@incollection{bauer_was_2020_a,
   title       = {›{Was} mache ich hier überhaupt?‹. {Experimentelle} {Philosophie} zwischen {Lehnstuhl} und {Labor}},
   url         = {https://www.philosophie.ch/blogartikel/highlights/philosophie-aktuell/was-mache-ich-hier-ueberhaupt/},
   booktitle   = {www.philosophie.ch},
   author      = {Bauer, Alexander Max},
   year        = {2020},
   urldate     = {2023-03-17},
}

@incollection{bauer_was_2020_b,
   title       = {``{Was} mache ich hier überhaupt?''. {Experimentelle} {Philosophie} zwischen {Lehnstuhl} und {Labor}},
   url         = {https://www.praefaktisch.de/experimentelle-philosophie/was-mache-ich-hier-ueberhaupt-experimentelle-philosophie-zwischen-lehnstuhl-und-labor/},
   journal     = {www.praefaktisch.de},
   author      = {Bauer, Alexander Max},
   year        = {2020},
   urldate     = {2023-04-17},
}

@report{bauer_need_2020,
   title       = {{Need}, {Equity}, and {Accountability}. {Evidence} on {Third}-{Party} {Distributive} {Decisions} from an {Online} {Experiment}},
   number      = {FOR 2104 Working Paper 2020--01},
   institution = {Helmut-Schmidt-Universität, Universität der Bundeswehr Hamburg},
   author      = {Bauer, Alexander Max and Meyer, Frauke and Romann, Jan and Siebel, Mark and Traub, Stefan},
   year        = {2020},
}

@article{bauer_need_2022,
   title       = {{Need}, {Equity}, and {Accountability}. {Evidence} on {Third}-{Party} {Distributive} {Decisions} from a {Vignette} {Study}},
   volume      = {59},
   journal     = {Social Choice and Welfare},
   author      = {Bauer, Alexander Max and Meyer, Frauke and Romann, Jan and Siebel, Mark and Traub, Stefan},
   year        = {2022},
   pages       = {769--814},
}

@book{bauer_philosophie_2019,
   address     = {Berlin und Boston},
   title       = {{Philosophie} zwischen {Sein} und {Sollen}. {Normative} {Theorie} und empirische {Forschung} im {Spannungsfeld}},
   publisher   = {Walter de Gruyter},
   editor      = {Bauer, Alexander Max and Meyerhuber, Malte Ingo},
   year        = {2019},
}

@incollection{bauer_zwei_2019,
   address     = {Berlin und Boston},
   title       = {{Zwei} {Welten} am {Rande} der {Kollision}. {Zum} {Verhältnis} von empirischer {Forschung} und normativer {Theorie}, insbesondere vor dem {Hintergrund} der {Ethik}},
   booktitle   = {{Philosophie} zwischen {Sein} und {Sollen}. {Normative} {Theorie} und empirische {Forschung} im {Spannungsfeld}},
   publisher   = {Walter de Gruyter},
   author      = {Bauer, Alexander Max and Meyerhuber, Malte Ingo},
   editor      = {Bauer, Alexander Max and Meyerhuber, Malte Ingo},
   year        = {2019},
   pages       = {13--37},
}

@book{bauer_empirical_2020,
   address     = {Berlin und Boston},
   title       = {{Empirical} {Research} and {Normative} {Theory}. {Transdisciplinary} {Perspectives} on two {Methodical} {Traditions} {Between} {Separation} and {Interdependence}},
   publisher   = {Walter de Gruyter},
   editor      = {Bauer, Alexander Max and Meyerhuber, Malte Ingo},
   year        = {2020},
}

@incollection{bauer_two_2020,
   address     = {Berlin und Boston},
   title       = {{Two} {Worlds} on the {Brink} of {Colliding}. {On} the {Relationship} {Between} {Empirical} {Research} and {Normative} {Theory}},
   booktitle   = {{Empirical} {Research} and {Normative} {Theory}. {Transdisciplinary} {Perspectives} on {Two} {Methodical} {Traditions} {Between} {Separation} and {Interdependence}},
   publisher   = {Walter de Gruyter},
   author      = {Bauer, Alexander Max and Meyerhuber, Malte Ingo},
   editor      = {Bauer, Alexander Max and Meyerhuber, Malte Ingo},
   year        = {2020},
   pages       = {11--33},
}

@incollection{bauer_deeds_nd,
   address     = {Oxford},
   title       = {{Equal} {Deeds}, {Different} {Needs}. {Need}, {Accountability}, and {Ressource} {Availability} in {Third}-{Party} {Distributive} {Decisions}},
   booktitle   = {{Oxford} {Studies} in {Experimental} {Philosophy}},
   publisher   = {Oxford University Press},
   author      = {Bauer, Alexander Max and Romann, Jan},
   editor      = {Nichols, Shaun and Knobe, Joshua},
   year        = {in Vorbereitung},
}

@report{bauer_kinds_2023,
   title       = {{Winter} is {Coming}. {How} {Laypeople} {Think} {About} {Different} {Kinds} of {Needs}},
   number      = {SSRN Working Paper},
   author      = {Bauer, Alexander Max and Romann, Jan and Siebel, Mark and Traub, Stefan},
   year        = {2023},
}

@article{bock_hroot_2014,
   title       = {{hroot}. {Hamburg} {Registration} and {Organization} {Online} {Tool}},
   volume      = {71},
   journal     = {European Economic Review},
   author      = {Bock, Olaf and Baetge, Ingmar and Nicklisch, Andreas},
   year        = {2014},
   pages       = {117--120},
}

@book{braybrooke_meeting_1987,
   address     = {Princeton},
   title       = {{Meeting} {Needs}},
   publisher   = {Princeton University Press},
   author      = {Braybrooke, David},
   year        = {1987},
}

@book{brock_necessary_1998,
   address     = {Lanham},
   title       = {{Necessary} {Goods}. {Our} {Responsibilities} to {Meet} {Others'} {Needs}},
   publisher   = {Rowman \& Littlefield},
   editor      = {Brock, Gillian},
   year        = {1998},
}

@incollection{brock_needs_2019,
   title       = {{Needs} in {Moral} and {Political} {Philosophy}},
   url         = {https://plato.stanford.edu/entries/needs/},
   booktitle   = {{Stanford} {Encyclopedia} of {Philosophy}},
   author      = {Brock, Gillian and Miller, David},
   editor      = {Zalta, Edward Nouri},
   year        = {2019},
}

@article{chen_otree_2016,
   title       = {{oTree}. {An} {Open}-{Source} {Platform} for {Laboratory}, {Online}, and {Field} {Experiments}},
   volume      = {9},
   journal     = {Journal of Behav\-ioral and Experimental Finance},
   author      = {Chen, Daniel and Schonger, Martin and Wickens, Chris},
   year        = {2016},
   pages       = {88--97},
}

@book{christen_empirically_2014,
   address     = {Cham},
   title       = {{Empirically} {Informed} {Ethics}. {Morality} {Between} {Facts} and {Norms}},
   publisher   = {Springer},
   editor      = {Christen, Markus and van Schaik, Carel and Fischer, Johannes and Huppenbauer, Markus and Tanner, Carmen},
   year        = {2014},
}

@book{doyal_theory_1991,
   address     = {Basingstoke und London},
   title       = {{A} {Theory} of {Human} {Need}},
   publisher   = {Palgrave Macmillan},
   author      = {Doyal, Len and Gough, Ian},
   year        = {1991},
}

@book{dworkin_sovereign_2000,
   address     = {Cambridge},
   title       = {{Sovereign} {Virtue}. {The} {Theory} and {Practice} of {Equality}},
   publisher   = {Harvard University Press},
   author      = {Dworkin, Ronald},
   year        = {2000},
}

@book{eckensberger_ethische_1993,
   address     = {Frankfurt am Main},
   title       = {{Ethische} {Norm} und empirische {Hypothese}},
   publisher   = {Suhrkamp},
   editor      = {Eckensberger, Lutz and Gähde, Ulrich},
   year        = {1993},
}

@book{hamilton_political_2003,
   address     = {Cambridge},
   title       = {{The} {Political} {Philosophy} of {Needs}},
   publisher   = {Cambridge University Press},
   author      = {Hamilton, Lawrence},
   year        = {2003},
}

@inbook{honneth_philosophie_2008,
   address     = {Frankfurt am Main und New York},
   title       = {{Philosophie} als {Sozialforschung}. {Die} {Gerechtigkeitstheorie} von {David} {Miller}},
   booktitle   = {{Grundsätze} sozialer {Gerechtigkeit}},
   publisher   = {Campus},
   author      = {Honneth, Axel},
   bookauthor  = {Miller, David},
   year        = {2008},
   pages       = {7--25},
}

@book{karageorgoudis_sein_2021,
   address     = {Paderborn},
   title       = {{Sein} und {Sollen}. {Perspektiven} in {Philosophie}, {Logik} und {Rechtswissenschaft}},
   publisher   = {mentis},
   editor      = {Karageorgoudis, Georgios and Noller, Jörg},
   year        = {2021},
}

@article{knobe_intentional_2003,
   title       = {{Intentional} {Action} and {Side} {Effects} in {Ordinary} {Language}},
   volume      = {63},
   number      = {3},
   journal     = {Analysis},
   author      = {Knobe, Joshua},
   year        = {2003},
   pages       = {190--194},
}

@incollection{knobe_absichtliches_2014,
   address     = {Frankfurt am Main},
   title       = {{Absichtliches} {Handeln} und {Nebeneffekte} in der {Alltagssprache}},
   booktitle   = {{Die} {Experimentelle} {Philosophie} in der {Diskussion}},
   publisher   = {Suhrkamp},
   author      = {Knobe, Joshua},
   translator  = {Schröder, Jürgen},
   editor      = {Grundmann, Thomas and Horvath, Joachim and Kipper, Jens},
   year        = {2014},
   pages       = {96--101},
}

@incollection{leser_aktualität_2018,
   title       = {{Aktualität} in der {Philosophie}. {Gibt} es überhaupt \enquote{aktuelle} {Fragestellungen} in der {Philosophie}, wenn doch manche Themen seit der {Antike} immer wieder diskutiert werden?},
   url         = {https://www.philosophie.ch/2018-09-03-leser},
   booktitle   = {www.philosophie.ch},
   author      = {Leser, Anja},
   year        = {2018},
   urldate     = {2023-04-17},
}

@report{limesurvey_limesurvey_2020,
   address     = {Hamburg},
   title       = {{LimeSurvey}. {An} {Open} {Source} {Survey} {Tool}},
   institution = {LimeSurvey Project},
   author      = {LimeSurvey},
   year        = {2020},
}

@book{luetge_experimental_2014,
   address     = {New York},
   title       = {{Experimental} {Ethics}. {Toward} an {Empirical} {Moral} {Philosophy}},
   publisher   = {Palgrave Macmillan},
   editor      = {Luetge, Christoph and Rusch, Hannes and Uhl, Matthias},
   year        = {2014},
}

@book{marchetti_facts_2017,
   address     = {London und New York},
   title       = {{Facts} and {Values}. {The} {Ethics} and {Metaphysics} of {Normativity}},
   publisher   = {Routledge},
   editor      = {Marchetti, Giancarlo and Marchetti, Sarin},
   year        = {2017},
}

@article{miller_review_1994,
   title       = {{Review} of {K.} {R.} {Scherer} (ed.). {Justice}. {Interdisciplinary} {Perspectives}},
   volume      = {7},
   journal     = {Social Justice Research},
   author      = {Miller, David},
   year        = {1994},
   pages       = {167--188},
}

@book{miller_principles_1999,
   address     = {Cambridge},
   title       = {{Principles} of {Social} {Justice}},
   publisher   = {Harvard University Press},
   author      = {Miller, David},
   year        = {1999},
}

@book{page_climate_2006,
   address     = {Cheltenham und Northampton},
   title       = {{Climate} {Change}, {Justice} and {Future} {Generations}},
   publisher   = {Edgar Elgar},
   author      = {Page, Edward},
   year        = {2006},
}

@book{paulo_empirische_2020,
   address     = {Frankfurt am Main},
   title       = {{Empirische} {Ethik}. {Grund\-lagentexte} aus {Psychologie} und {Philosophie}},
   publisher   = {Suhrkamp},
   editor      = {Paulo, Norbert and Bublitz, Jan Christoph},
   year        = {2020},
}

@incollection{platon_staat_2004,
   address     = {Darmstadt},
   title       = {{Der} {Staat}},
   volume      = {2},
   booktitle   = {{Sämtliche} {Werke} in drei {Bänden}},
   publisher   = {Wissenschaftliche Buchgesellschaft},
   author      = {Platon},
   editor      = {Loewenthal, Erich},
   year        = {2004},
   pages       = {5--407},
}

@book{poelzler_moral_2018,
   address     = {London und New York},
   title       = {{Moral} {Reality} and the {Empirical} {Sciences}},
   publisher   = {Routledge},
   author      = {Pölzler, Thomas},
   year        = {2018},
}

@article{poelzler_basic_2021,
   title       = {{Basic} {Needs} in {Normative} {Contexts}},
   volume      = {16},
   number      = {5},
   journal     = {Philosophy Compass},
   author      = {Pölzler, Thomas},
   year        = {2021},
   pages       = {e12732},
}

@report{poelzler_typicality_2022,
   title       = {{The} {Typicality} {Effect} in {Basic} {Needs}},
   number      = {Manuskript},
   author      = {Pölzler, Thomas and Hannikainen, Ivar Allan Rodríguez},
   year        = {2022},
}

@book{rawls_theory_1971,
   address     = {Cambridge},
   title       = {{A} {Theory} of {Justice}},
   publisher   = {Belknap},
   author      = {Rawls, John},
   year        = {1971},
}

@book{reader_philosophy_2005,
   address     = {Cambridge},
   title       = {{The} {Philosophy} of {Need}},
   publisher   = {Cambridge University Press},
   editor      = {Reader, Soran},
   year        = {2005},
}

@book{sen_resources_1984,
   address     = {Cambridge},
   title       = {{Resources}, {Values}, and {Development}},
   publisher   = {Harvard University Press},
   author      = {Sen, Amartya},
   year        = {1984},
}

@incollection{siebel_measuring_nd,
   address     = {Cham},
   title       = {{Measuring} {Need}-{Based} {Distributive} {Justice} {Formally} and {Empirically}},
   booktitle   = {{Priority} of {Needs}. {An} {Informed} {Theory} of {Need}-{Based} {Justice}},
   publisher   = {Springer},
   author      = {Siebel, Mark and Bauer, Alexander Max},
   editor      = {Traub, Stefan and Kittel, Bernhard},
   year        = {in Vorbereitung},
}

@incollection{siebel_need_2020,
   address     = {Cham},
   title       = {{Need}-{Based} {Justice} from the {Perspective} of {Philosophy}},
   booktitle   = {{Need}-{Based} {Distributive} {Justice}. {An} {Interdisciplinary} {Perspective}},
   publisher   = {Springer},
   author      = {Siebel, Mark and Schramme, Thomas},
   editor      = {Traub, Stefan and Kittel, Bernhard},
   year        = {2020},
   pages       = {21--58},
}

@article{sorell_experimental_2018,
   title       = {{Experimental} {Philosophy} and the {History} of {Philosophy}},
   volume      = {26},
   number      = {5},
   journal     = {British Journal for the History of Philosophy},
   author      = {Sorell, Tom},
   year        = {2018},
   pages       = {829--849},
}

@book{thomson_needs_1987,
   address     = {London und New York},
   title       = {{Needs}},
   publisher   = {Routledge \& Kegan Paul},
   author      = {Thomson, Garrett},
   year        = {1987},
}

@article{timmer_thresholds_2021,
   title       = {{Thresholds} in {Distributive} {Justice}},
   volume      = {33},
   journal     = {Utilitas},
   author      = {Timmer, Dick},
   year        = {2021},
   pages       = {422--441},
}

@incollection{kutschera_empirische_1988,
   address     = {Stuttgart},
   title       = {{Empirische} {Grundlagen} der {Ethik}},
   booktitle   = {{Metaphysik} nach {Kant}? {Stuttgarter} {Hegel}-{Kongreß} 1987},
   publisher   = {Klett-Cotta},
   author      = {{von Kutschera}, Franz},
   editor      = {Henrich, Dieter and Horstmann, Rolf-Peter},
   year        = {1988},
   pages       = {659--670},
}

@book{walzer_spheres_1983,
   address     = {New York},
   title       = {{Spheres} of {Justice}. {A} {Defense} of {Pluralism} and {Equality}},
   publisher   = {Basic Books},
   author      = {Walzer, Michael},
   year        = {1983},
}

@report{weiss_needs_2017,
   title       = {{Needs} as {Reference} {Points}. {When} {Marginal} {Gains} to the {Poor} do not {Matter}},
   number      = {FOR 2104 Working Paper 2017--13},
   institution = {Helmut-Schmidt-Universität, Universität der Bundeswehr Hamburg},
   author      = {Weiß, Arne Robert and Bauer, Alexander Max and Traub, Stefan},
   year        = {2017},
}

@report{weiss_needs_2023,
   title       = {{Thinking} {About} {Need}. {A} {Vignette} {Experiment}},
   number      = {$\blacksquare$},
   author      = {Bauer, Alexander Max and Diederich, Adele and Traub, Stefan and Weiß, Arne Robert},
   year        = {2023},
}

@book{wiggins_needs_1998,
   address     = {Oxford},
   title       = {{Needs}, {Values}, {Truth}. {Essays} in the {Philosophy} of {Value}},
   publisher   = {Clarendon},
   author      = {Wiggins, David},
   year        = {1998},
}
